<?xml version='1.0' encoding='UTF-8'?>
<record xmlns="http://www.loc.gov/MARC21/slim">
  <leader>02324cam a22003615a 4500</leader>
  <controlfield tag="001">1423206</controlfield>
  <controlfield tag="003">NjP</controlfield>
  <controlfield tag="005">20170619131211.0</controlfield>
  <controlfield tag="008">990127m19221930ua            000 0 ara d</controlfield>
  <datafield tag="024" ind1="7" ind2=" ">
    <subfield code="a">princeton_aco002242</subfield>
    <subfield code="2">local</subfield>
  </datafield>
  <datafield ind1=" " ind2=" " tag="035">
    <subfield code="a">(OCoLC)ocn176727666</subfield>
  </datafield>
  <datafield ind1=" " ind2=" " tag="035">
    <subfield code="a">(OCoLC)ocm40688172</subfield>
  </datafield>
  <datafield ind1=" " ind2=" " tag="040">
    <subfield code="a">CUD</subfield>
    <subfield code="c">PUL</subfield>
    <subfield code="d">PUL</subfield>
  </datafield>
  <datafield ind1=" " ind2=" " tag="035">
    <subfield code="a">(OCoLC)176727666</subfield>
  </datafield>
  <datafield ind1=" " ind2=" " tag="035">
    <subfield code="9">CEG7682TS</subfield>
  </datafield>
  <datafield ind1=" " ind2=" " tag="035">
    <subfield code="a">(NjP)1423206</subfield>
  </datafield>
  <datafield ind1=" " ind2=" " tag="079">
    <subfield code="a">ocm40688172</subfield>
  </datafield>
  <datafield ind1=" " ind2=" " tag="049">
    <subfield code="a">PULL</subfield>
  </datafield>
  <datafield ind1="1" ind2=" " tag="100">
    <subfield code="6">880-01</subfield>
    <subfield code="a">Ibn Taymīyah, Aḥmad ibn ʻAbd al-Ḥalīm,</subfield>
    <subfield code="d">1263-1328.</subfield>
    <subfield code="0">http://id.loc.gov/authorities/names/n79077267</subfield>
  </datafield>
  <datafield ind1="1" ind2="0" tag="245">
    <subfield code="a">Majmūʻat ʼal-rasāʼil wa-ʼal-masāʼil /</subfield>
    <subfield code="c">taʼlīf S︠h︡ayk︠h︡ ʼal-ʼIslām ʼIbn Taymīyah ; waqafa ʻalá taṣḥīḥihi wa-k︠h︡arraja ʼaḥādīt︠h︡ahu wa-ʻallaqa ḥawās︠h︡īhi wa-nas︠h︡arahu fī majallatihi ʼal-Sayyid Muḥammad Ras︠h︡īd Riḍā.</subfield>
  </datafield>
  <datafield ind1=" " ind2=" " tag="260">
    <subfield code="6">880-02</subfield>
    <subfield code="a">Miṣr :</subfield>
    <subfield code="b">Muḥammad Ras︠h︡īd Riḍā</subfield>
    <subfield code="f">(Maṭbaʻat ʼal-Manār),</subfield>
    <subfield code="c">1341-9 [1922-30]</subfield>
  </datafield>
  <datafield ind1=" " ind2=" " tag="300">
    <subfield code="a">5 v. in 1 ;</subfield>
    <subfield code="c">24 cm.</subfield>
  </datafield>
  <datafield ind1="0" ind2=" " tag="505">
    <subfield code="a">1. Rasāʼil wa-fatāwá fī ʼal-tafsīr wa-ʼal-ḥadīt︠h︡ wa-ʼal-ʼuṣūl wa-ʼal-ʻaqāʼid wa-ʼal-ʼādāb wa-ʼal-ʼaḥkām ʼal-Ṣūfīyah. 2: Qāʻidah jalīlah fīmā yataʻallaqu bi-ʼaḥkām ʼal-safar wa-ʼal-ʼiqāmah. 3: Kitāb mad︠h︡hab ʼal-salaf ʼal-qawīm fī taḥqīq masʼilat kalām ʼAllāh ʼal-karīm. 4: Ḥaqīqat mad︠h︡hab ʼal-ʼittiḥādīyīn, ʼaw Waḥdat ʼal-wujūd. 5: Qāʻidah fī ʼal-muʻjizāt wa-ʼal-karāmāt wa-ʼanwāʻ k︠h︡awāriq ʼal-ʻādāt.</subfield>
  </datafield>
  <datafield ind1=" " ind2="0" tag="650">
    <subfield code="a">Islamic law.</subfield>
    <subfield code="0">http://id.loc.gov/authorities/subjects/sh85068454</subfield>
  </datafield>
  <datafield ind1=" " ind2="0" tag="650">
    <subfield code="a">Islam</subfield>
    <subfield code="x">Customs and practices.</subfield>
    <subfield code="0">http://id.loc.gov/authorities/subjects/sh87005732</subfield>
  </datafield>
  <datafield ind1=" " ind2="0" tag="650">
    <subfield code="a">Islam</subfield>
    <subfield code="x">Doctrines.</subfield>
    <subfield code="0">http://id.loc.gov/authorities/subjects/sh85068396</subfield>
  </datafield>
  <datafield ind1=" " ind2="0" tag="650">
    <subfield code="a">Sufism.</subfield>
    <subfield code="0">http://id.loc.gov/authorities/subjects/sh85129660</subfield>
  </datafield>
  <datafield ind1="1" ind2=" " tag="700">
    <subfield code="6">880-03</subfield>
    <subfield code="a">Riḍā, Muḥammad Rashīd,</subfield>
    <subfield code="d">1865-1935.</subfield>
  </datafield>
  <datafield ind1="1" ind2=" " tag="880">
    <subfield code="6">100-01/r</subfield>
    <subfield code="a">ابن تيمية، احمد بن عبد الحليم،</subfield>
    <subfield code="d">1263-1328.</subfield>
  </datafield>
  <datafield ind1=" " ind2=" " tag="880">
    <subfield code="6">260-02/r</subfield>
    <subfield code="a">مصر :</subfield>
    <subfield code="b">محمد رëسìهيد رضا</subfield>
    <subfield code="f">(مطبعة ألمنار)،</subfield>
    <subfield code="c">1341-9 [1922-30]</subfield>
  </datafield>
  <datafield ind1="1" ind2=" " tag="880">
    <subfield code="6">700-03/r</subfield>
    <subfield code="a">رضا، محمد رشيد،</subfield>
    <subfield code="d">1865-1935.</subfield>
  </datafield>
  <datafield ind1=" " ind2=" " tag="947">
    <subfield code="a">CEG7682</subfield>
  </datafield>
  <datafield ind1=" " ind2=" " tag="911">
    <subfield code="a">20000130</subfield>
  </datafield>
  <datafield ind1=" " ind2=" " tag="994">
    <subfield code="a">C0</subfield>
    <subfield code="b">PUL</subfield>
  </datafield>
  <datafield ind1=" " ind2=" " tag="999">
    <subfield code="a">1423206</subfield>
  </datafield>
  <datafield ind1="0" ind2="0" tag="852">
    <subfield code="0">1632434</subfield>
    <subfield code="b">nec</subfield>
    <subfield code="t">0</subfield>
    <subfield code="h">KBP310.I288</subfield>
    <subfield code="i">A335 1922</subfield>
  </datafield>
  <datafield ind1=" " ind2=" " tag="959">
    <subfield code="a">2000-06-13 00:00:00 -0400</subfield>
  </datafield>
</record>
